@manual{v103,
  author = {TU Dortmund},
  title = {V103 - Biegung elastischer St√§be},
  year = 2018
}
